@book{priest2008introduction,
  title={An introduction to non-classical logic: From if to is},
  author={Priest, Graham},
  year={2008},
  publisher={Cambridge University Press}
}

@InCollection{sep-logic-intuitionistic,
	author       =	{Moschovakis, Joan},
	title        =	{{Intuitionistic Logic}},
	booktitle    =	{The {Stanford} Encyclopedia of Philosophy},
	editor       =	{Edward N. Zalta},
	howpublished =	{\url{https://plato.stanford.edu/archives/fall2021/entries/logic-intuitionistic/}},
	year         =	{2021},
	edition      =	{{F}all 2021},
	publisher    =	{Metaphysics Research Lab, Stanford University}
}

@InCollection{sep-goedel,
	author       =	{Kennedy, Juliette},
	title        =	{{Kurt Gödel}},
	booktitle    =	{The {Stanford} Encyclopedia of Philosophy},
	editor       =	{Edward N. Zalta},
	howpublished =	{\url{https://plato.stanford.edu/archives/win2020/entries/goedel/}},
	year         =	{2020},
	edition      =	{{W}inter 2020},
	publisher    =	{Metaphysics Research Lab, Stanford University}
}

@inbook{vandalen-blackwell,
author = {van Dalen, Dirk},
publisher = {John Wiley and Sons, Ltd},
isbn = {9781405164801},
title = {Intuitionistic Logic},
booktitle = {The Blackwell Guide to Philosophical Logic},
chapter = {11},
pages = {224-257},
doi = {https://doi.org/10.1002/9781405164801.ch11},
url = {https://onlinelibrary.wiley.com/doi/abs/10.1002/9781405164801.ch11},
eprint = {https://onlinelibrary.wiley.com/doi/pdf/10.1002/9781405164801.ch11},
year = {2017},
keywords = {basic principles, intuitionistic logic, semantics, second-order logics},
abstract = {Summary There are basically two ways to view intuitionistic logic: as a philosophical-foundational issue in mathematics; or as a technical discipline within mathematical logic. Considering first the philosophical aspects, for they will provide the motivation for the subject, this chapter follows L. E. J. Brouwer, the founding father of intuitionism. Although Brouwer himself contributed little to intuitionistic logic as seen from textbooks and papers, he did point the way for his successors.}
}

@book{negri2008structural,
  title={Structural proof theory},
  author={Negri, Sara and Von Plato, Jan},
  year={2008},
  publisher={Cambridge university press}
}

@book{takeuti2013proof,
  title={Proof theory},
  author={Takeuti, Gaisi},
  volume={81},
  year={2013},
  publisher={Courier Corporation}
}

@book{smullyan1995first,
  title={First-order logic},
  author={Smullyan, Raymond M},
  year={1995},
  publisher={Courier Corporation}
}

@book{munkres2000topology,
  title={Topology},
  author={Munkres, James R.},
  year={2000},
  publisher={Prentice Hall}
}

@article{van2017lej,
  title={LEJ Brouwer's ‘Unreliability of the Logical Principles’: A New Translation, with an Introduction},
  author={Van Atten, Mark and Sundholm, G{\"o}ran},
  journal={History and Philosophy of Logic},
  volume={38},
  number={1},
  pages={24--47},
  year={2017},
  publisher={Taylor \& Francis}
}

@article{sankappanavar1981course,
  title={A course in universal algebra},
  author={Sankappanavar, Hanamantagouda P and Burris, Stanley},
  journal={Graduate Texts Math},
  volume={78},
  year={1981},
  publisher={Citeseer}
}

@book{mancosu2021introduction,
  title={An Introduction to Proof Theory: Normalization, Cut-Elimination, and Consistency Proofs},
  author={Mancosu, Paolo and Galvan, Sergio and Zach, Richard},
  year={2021},
  publisher={Oxford University Press}
}

@book{girard1989proofs,
  title={Proofs and types},
  author={Girard, Jean-Yves and Taylor, Paul and Lafont, Yves},
  volume={7},
  year={1989},
  publisher={Cambridge university press Cambridge}
}

@book{mimram:pp,
  author = {Samuel Mimram},
  title = {{PROGRAM = PROOF}},
  publisher = {Independently published},
  year = {2020},
  isbn = {979-8615591839},
  asin = {B08C97TD9G},
  url = {https://www.amazon.fr/dp/B08C97TD9G/},
  pdf = {http://www.lix.polytechnique.fr/Labo/Samuel.Mimram/teaching/INF551/course.pdf},
  keywords = {rewriting,book}
}

@book{pierce2002types,
  title={Types and programming languages},
  author={Pierce, Benjamin C},
  year={2002},
  publisher={MIT press}
}

@Book{hottbook,
  author =    {The {Univalent Foundations Program}},
  title =     {Homotopy Type Theory: Univalent Foundations of Mathematics},
  publisher = {\url{https://homotopytypetheory.org/book}},
  address =   {Institute for Advanced Study},
  year =      2013}